@inproceedings{ieee:5GAIner,
	author = {Quevedo, José and Perdigão, André and Santos, David and Silva, Rui
	          and Aguiar, Rui L.},
	booktitle = {2023 Joint European Conference on Networks and Communications
	             \& 6G Summit (EuCNC/6G Summit)},
	title = {5GAIner: Taking the verticals into the 5G road},
	year = {2023},
	volume = {},
	number = {},
	pages = {514-519},
	keywords = {Industries;6G mobile communication;Runtime;5G mobile
	            communication;Roads;Biological system
	            modeling;Ecosystems;5G;Testbed;IIoT;MEC;NPN;Industry 4.0},
	doi = {10.1109/EuCNC/6GSummit58263.2023.10188375},
}
